<?xml version="1.0" encoding="UTF-8"?><collection xmlns="http://www.loc.gov/MARC21/slim"><record><leader>00355nam--2200133-i-4500</leader><controlfield tag="001">000048830</controlfield><controlfield tag="002">20161230</controlfield><controlfield tag="005">20161230201047</controlfield><controlfield tag="008">060222s1000------------r-----000-0-eng-d</controlfield><datafield ind1=" " ind2=" " tag="080"><subfield code="a">539.1.043</subfield></datafield><datafield ind1=" " ind2=" " tag="100"><subfield code="a">Adushkina,R.I</subfield></datafield><datafield ind1=" " ind2=" " tag="245"><subfield code="a">O raschete sleda traektorii kamernoi chastic na ctereosnimke</subfield></datafield><datafield ind1=" " ind2=" " tag="260"><subfield code="a">Harkov, Akad.Nauk Ussr, 1970. 26 S</subfield></datafield><datafield ind1=" " ind2=" " tag="852"><subfield code="a">33663</subfield></datafield></record></collection>